@article{ringachSpatialTemporalProperties1996,
  title   = {Spatial and {{Temporal Properties}} of {{Illusory Contours}} and {{Amodal Boundary Completion}}},
  author  = {Ringach, Dario L. and Shapley, Robert},
  year    = {1996},
  journal = {Vision Research},
  volume  = {36},
  number  = {19},
  pages   = {3037--3050},
  issn    = {00426989},
  doi     = {10.1016/0042-6989(96)00062-4},
  urldate = {2017-08-08},
  langid  = {english}
}
